<?xml version="1.0" encoding="UTF-8"?><collection xmlns="http://www.loc.gov/MARC21/slim"><record><leader>00382nam--2200145-i-4500</leader><controlfield tag="001">000007040</controlfield><controlfield tag="002">20161230</controlfield><controlfield tag="005">20170210022543</controlfield><controlfield tag="008">060222s1000------------r-----000-0-eng-d</controlfield><datafield ind1=" " ind2=" " tag="245"><subfield code="a">Subject guide to microforms in print. 1962-63</subfield></datafield><datafield ind1=" " ind2=" " tag="260"><subfield code="a">Washington</subfield><subfield code="b">Microcard Edition, Inc</subfield><subfield code="c">1962</subfield></datafield><datafield ind1=" " ind2=" " tag="300"><subfield code="a">69 p</subfield></datafield><datafield ind1=" " ind2=" " tag="700"><subfield code="a">Diaz, Albert James</subfield></datafield><datafield ind1=" " ind2=" " tag="852"><subfield code="a">017</subfield></datafield><datafield ind1=" " ind2=" " tag="CAT"><subfield code="a">SYS</subfield><subfield code="c">20170210</subfield><subfield code="h">022543</subfield></datafield></record></collection>